@ARTICLE{monasterio2022,
  author={Monasterio-Exposito, Leticia and Pizarro, Daniel and Macias-Guarasa, Javier},
  journal={IEEE Access},
  title={Label Augmentation to Improve Generalization of Deep Learning Semantic Segmentation of Laparoscopic Images},
  year={2022},
  volume={10},
  number={},
  pages={37345-37359},
  doi={10.1109/ACCESS.2022.3162630},
  skipbib=true
  }
